<record><leader>00000cas a22000007a 4500</leader><controlfield tag="001">10710352</controlfield><controlfield tag="008">840509d19511958nyuwr ne      0    0eng d</controlfield><datafield ind1=" " ind2=" " tag="010"><subfield code="a">sn 84031218 </subfield></datafield><datafield ind1=" " ind2=" " tag="040"><subfield code="a">NYG</subfield><subfield code="b">eng</subfield><subfield code="c">NYG</subfield><subfield code="d">OCL</subfield><subfield code="d">NYS</subfield><subfield code="d">OCL</subfield><subfield code="d">NYS</subfield><subfield code="d">OCLCQ</subfield></datafield><datafield ind1=" " ind2=" " tag="019"><subfield code="a">10710361</subfield><subfield code="a">22505023</subfield></datafield><datafield ind1=" " ind2=" " tag="042"><subfield code="a">msc</subfield></datafield><datafield ind1="0" ind2="0" tag="245"><subfield code="a">Steuben advocate with which is combined the Keuka grape belt.</subfield></datafield><datafield ind1="1" ind2="3" tag="246"><subfield code="a">Keuka grape belt</subfield></datafield><datafield ind1="1" ind2="3" tag="246"><subfield code="a">Prattsburgh news</subfield></datafield><datafield ind1="1" ind2="7" tag="246"><subfield code="a">Steuben advocate</subfield></datafield><datafield ind1=" " ind2=" " tag="260"><subfield code="a">Bath, N.Y. :</subfield><subfield code="b">G. Lambert Fay</subfield></datafield><datafield ind1=" " ind2=" " tag="300"><subfield code="a">v. :</subfield><subfield code="b">ill. ;</subfield><subfield code="c">45-58 cm.</subfield></datafield><datafield ind1=" " ind2=" " tag="310"><subfield code="a">Daily (except Sunday),</subfield><subfield code="b">Feb. 4, 1952-&lt;Mar. 31, 1958&gt;</subfield></datafield><datafield ind1=" " ind2=" " tag="321"><subfield code="a">Weekly,</subfield><subfield code="b">June 8, 1951-Feb. 1, 1952</subfield></datafield><datafield ind1="0" ind2=" " tag="362"><subfield code="a">Vol. 136, no. 23 (June 8, 1951)-</subfield></datafield><datafield ind1="1" ind2=" " tag="362"><subfield code="a">Ceased in May 1958.</subfield></datafield><datafield ind1=" " ind2=" " tag="500"><subfield code="a">Contains sections titled: "Keuka Grape belt" and "Prattsburgh news", &lt;June 8, 1951&gt;.</subfield></datafield><datafield ind1=" " ind2=" " tag="500"><subfield code="a">Title varies slightly.</subfield></datafield><datafield ind1=" " ind2=" " tag="530"><subfield code="a">Available on microfilm from Micro Photo Div., Bell &amp; Howell.</subfield></datafield><datafield ind1=" " ind2="4" tag="651"><subfield code="a">Bath (N.Y.)</subfield><subfield code="v">Newspapers.</subfield></datafield><datafield ind1=" " ind2=" " tag="752"><subfield code="a">United States</subfield><subfield code="b">New York</subfield><subfield code="c">Steuben</subfield><subfield code="d">Bath.</subfield></datafield><datafield ind1="0" ind2="0" tag="780"><subfield code="t">Steuben advocate and the Keuka grape belt</subfield><subfield code="w">(DLC)sn 84031217</subfield></datafield><datafield ind1="0" ind2="7" tag="785"><subfield code="t">Steuben courier (Bath, N.Y. : 1946)</subfield><subfield code="w">(DLC)sn 84035543</subfield></datafield><datafield ind1="0" ind2="7" tag="785"><subfield code="t">Steuben courier and the Steuben advocate</subfield><subfield code="w">(DLC)sn 84031220</subfield></datafield><datafield ind1="1" ind2=" " tag="029"><subfield code="a">AU@</subfield><subfield code="b">000025801058</subfield></datafield></record>